%! Author = kid-a
%! Date = 8/18/25

